@article{nguyen-regev,
    author = {Nguyen, Phong and Regev, Oded},
    title = {Learning a Parallelepiped: Cryptanalysis of GGH and NTRU Signatures},
    journal = {Advances in Cryptology—EUROCRYPT ’06},
    year = 2006
}

@book{textbook,
    author = {Hoffstein, Jeffrey and Pipher, Jill and Silverman, Joseph H.},
    title = {An Introduction to Mathematical Cryptography},
    publisher = {Springer},
    year = {2014},
    address = {Brown University, Providence RI},
    copyright = {Springer Science+Business Media},
    edition = {2nd edition},
    isbn = {978-1-4939-1710-5},
}

@conference{presentation,
    key = {PCMI Lecture Series},
    title = {An Introduction to Lattices, Lattice Reduction, and Lattice-Based Cryptography},
    year = {July 6-10, 2020},
    address = {PCMI Lecture Series, Brown University},
    author = {Silverman, Joseph H.}
}

@article{lubshevky,
    author = {Lyubashevsky, Vadim},
    title = {Lattice Signatures Without Trapdoors},
    journal = {Advances in Cryptology—EUROCRYPT '12},
    year = {2012},
}

@article{betterschemes,
    author = {Howe, J and Poppelmann, T and ONiell, M and OSullivan, E and Guneysu, T},
    title = {Practical Lattice-based Digital Signature Schemes},
    journal = {National Institute of Standards and Technology}
}

